
@article{haddican2013interaction,
  title={Interaction of social and linguistic constraints on two vowel changes in {N}orthern {E}ngland},
  author={Haddican, Bill and Foulkes, Paul and Hughes, Vincent and Richards, Hazel},
  journal={Language Variation and Change},
  volume={25},
  number={03},
  pages={371--403},
  year={2013},
  publisher={Cambridge Univ Press}
}
@phdthesis{fruehwald2013phonological,
  title={The Phonological Influence on Phonetic Change},
  author={Fruehwald, Josef},
  year={2013},
  school={University of Pennsylvania}
}
@article{eckert2008variation,
  title={Variation and the indexical field},
  author={Eckert, Penelope},
  journal={Journal of Sociolinguistics},
  volume={12},
  number={4},
  pages={453--476},
  year={2008},
  publisher={Wiley Online Library}
}
@article{watt2000phonetic,
  title={Phonetic parallels between the close-mid vowels of {T}yneside {E}nglish: Are they internally or externally motivated?},
  author={Watt, Dominic JL},
  journal={Language Variation and Change},
  volume={12},
  number={01},
  pages={69--101},
  year={2000},
  publisher={Cambridge Univ Press}
}

@article{ester1996density,
  title={A density-based algorithm for discovering clusters in large spatial databases with noise.},
  author={Ester, Martin and Kriegel, Hans-Peter and Sander, J{\"o}rg and Xu, Xiaowei},
  journal={Kdd},
  volume={96},
  number={34},
  pages={226--231},
  year={1996}
}
@phdthesis{hall2009ethnicity,
  title={Ethnicity and phonetic variation in a San Francisco neighborhood},
  author={Hall-Lew, Lauren},
  year={2009},
  school={Stanford University}
}
@article{watt2001spectrographic,
  title={A spectrographic analysis of vowel fronting in Bradford English},
  author={Watt, Dominic and Tillotson, Jennifer},
  journal={English World-Wide},
  volume={22},
  number={2},
  pages={269--303},
  year={2001},
  publisher={John Benjamins Publishing Company}
}
@article{moore2009style,
  title={Style, indexicality, and the social meaning of tag questions},
  author={Moore, Emma and Podesva, Robert},
  journal={Language in Society},
  volume={38},
  number={04},
  pages={447--485},
  year={2009},
  publisher={Cambridge Univ Press}
}
@article{labov2013one,
  title={One hundred years of sound change in Philadelphia: Linear incrementation, reversal, and reanalysis},
  author={Labov, William and Rosenfelder, Ingrid and Fruehwald, Josef},
  journal={Language},
  volume={89},
  number={1},
  pages={30--65},
  year={2013},
  publisher={Linguistic Society of America}
}
@article{d2015persona,
  title={Persona-based information shapes linguistic perception: Valley Girls and California vowels},
  author={D'Onofrio, Annette},
  journal={Journal of Sociolinguistics},
  volume={19},
  number={2},
  pages={241--256},
  year={2015},
  publisher={Wiley Online Library}
}
@article{watt2002evaluation,
  title={Evaluation of a technique for improving the mapping of multiple speakersâ€™ vowel spaces in the F1\~{} F2 plane},
  author={Watt, Dominic and Fabricius, Anne},
  journal={Leeds Working Papers in Linguistics and Phonetics},
  volume={9},
  number={9},
  pages={159--173},
  year={2002},
  publisher={University of Leeds}
}
@incollection{beal2008english,
  title={English dialects in the North of England: phonology},
  author={Beal, Joan},
  booktitle={A Handbook of Varieties of English, Volume 1},
  editor={Kortmann, B and Schneider, E W},
  volume={1},
  pages={122--144},
  publisher={Mouton},
  place={Berlin},
  year={2004}
}
